<record xmlns="http://www.loc.gov/MARC21/slim" xmlns:xsi="http://www.w3.org/2001/XMLSchema-instance" xsi:schemaLocation="http://www.loc.gov/MARC21/slim http://www.loc.gov/standards/marcxml/schema/MARC21slim.xsd"><leader>01274nam a2200301   4500</leader><controlfield tag="001">002959061</controlfield><controlfield tag="003">NNU</controlfield><controlfield tag="006">m        d        </controlfield><controlfield tag="007">cr cn |||m|||a</controlfield><controlfield tag="008">140707s1961    ir      od    000 0 ara d</controlfield><datafield ind1=" " ind2=" " tag="040"><subfield code="a">NNU</subfield><subfield code="b">eng</subfield><subfield code="c">NNU</subfield></datafield><datafield ind1="0" ind2=" " tag="041"><subfield code="a">ara</subfield><subfield code="a">per</subfield></datafield><datafield ind1="1" ind2=" " tag="100"><subfield code="a">Kiy&#257;, &#7778;&#257;diq.</subfield></datafield><datafield ind1="1" ind2="0" tag="245"><subfield code="a">Qalb dar zab&#257;n-i &#699;Arab&#299;</subfield><subfield code="h">[electronic resource],</subfield><subfield code="c">az &#7778;&#257;diq Kiy&#257;.</subfield></datafield><datafield ind1=" " ind2=" " tag="260"><subfield code="a">Tihr&#257;n,</subfield><subfield code="b">Intish&#257;r&#257;t-i D&#257;nishg&#257;h-i Tihr&#257;n,</subfield><subfield code="c">1340 [i.e. 1961]</subfield></datafield><datafield ind1=" " ind2=" " tag="300"><subfield code="a">online resource (24, 415 p.)</subfield></datafield><datafield ind1="1" ind2=" " tag="490"><subfield code="a">Intish&#257;r&#257;t-i D&#257;nishg&#257;h-i Tihr&#257;n ;</subfield><subfield code="v">shum&#257;rah-i 671</subfield></datafield><datafield ind1=" " ind2=" " tag="500"><subfield code="a">Part of the Arabic Collections Online (ACO) project, contributed by New York Univeristy Libraries.</subfield></datafield><datafield ind1=" " ind2=" " tag="533"><subfield code="a">Electronic reproduction.</subfield><subfield code="b">New York, N.Y. :</subfield><subfield code="c">New York University,</subfield><subfield code="d">2014.</subfield><subfield code="5">NNU</subfield></datafield><datafield ind1=" " ind2="0" tag="650"><subfield code="a">Arabic language</subfield><subfield code="x">Phonology.</subfield></datafield><datafield ind1=" " ind2="0" tag="650"><subfield code="a">Arabic language</subfield><subfield code="v">Dictionaries</subfield><subfield code="x">Persian.</subfield></datafield><datafield ind1=" " ind2="0" tag="650"><subfield code="a">Persian language</subfield><subfield code="v">Dictionaries</subfield><subfield code="x">Arabic.</subfield></datafield><datafield ind1="2" ind2=" " tag="710"><subfield code="a">New York University.</subfield><subfield code="b">Libraries.</subfield></datafield><datafield ind1="0" ind2=" " tag="730"><subfield code="a">Arabic Collections Online.</subfield></datafield><datafield ind1="0" ind2="8" tag="776"><subfield code="i">Print version:</subfield><subfield code="a">Kiy&#257;, &#7778;&#257;diq.</subfield><subfield code="t">Qalb dar zab&#257;n-i &#699;Arab&#299;</subfield><subfield code="w">(NNU)002959061</subfield></datafield><datafield ind1=" " ind2="0" tag="830"><subfield code="a">Publications de l'Universit&#233; de Tehran ;</subfield><subfield code="v">671.</subfield></datafield><datafield ind1="4" ind2="0" tag="856"><subfield code="u">http://hdl.handle.net/2333.1/f4qrfm2c</subfield></datafield><datafield ind1=" " ind2=" " tag="959"><subfield code="a">NNU</subfield><subfield code="b">WEB</subfield><subfield code="c">GENI</subfield><subfield code="t">0</subfield><subfield code="m">Electronic access</subfield><subfield code="s">01</subfield></datafield></record>